@article{DBLP:journals/corr/abs-2006-04064,
  author     = {Arman Hasanzadeh and Ehsan Hajiramezanali and Shahin Boluki and Mingyuan Zhou and Nick Duffield and Krishna Narayanan and Xiaoning Qian},
  journal    = {CoRR},
  title      = {Bayesian Graph Neural Networks with Adaptive Connection Sampling},
  year       = {2020},
  volume     = {abs/2006.04064},
  bibsource  = {dblp computer science bibliography, https://dblp.org},
  biburl     = {https://dblp.org/rec/journals/corr/abs-2006-04064.bib},
  eprint     = {2006.04064},
  eprinttype = {arXiv},
  groups     = {PrimaryPapers, primary},
  timestamp  = {Thu, 14 Oct 2021 09:15:29 +0200},
  url        = {https://arxiv.org/abs/2006.04064}
}

@inproceedings{Xie2020,
  author    = {Yiqing Xie and Sha Li and Carl Yang and Raymond Chi{-}Wing Wong and Jiawei Han},
  booktitle = {Proceedings of the Twenty-Ninth International Joint Conference on Artificial Intelligence, {IJCAI} 2020},
  title     = {When Do GNNs Work: Understanding and Improving Neighborhood Aggregation},
  year      = {2020},
  editor    = {Christian Bessiere},
  pages     = {1303--1309},
  publisher = {ijcai.org},
  bibsource = {dblp computer science bibliography, https://dblp.org},
  biburl    = {https://dblp.org/rec/conf/ijcai/XieLYW020.bib},
  doi       = {10.24963/ijcai.2020/181},
  groups    = {Basics, DropTech},
  timestamp = {Sun, 02 Oct 2022 16:08:05 +0200},
  url       = {https://doi.org/10.24963/ijcai.2020/181}
}

@article{Srivastava2014,
  author    = {Nitish Srivastava and Geoffrey E. Hinton and Alex Krizhevsky and Ilya Sutskever and Ruslan Salakhutdinov},
  journal   = {J. Mach. Learn. Res.},
  title     = {Dropout: a simple way to prevent neural networks from overfitting},
  year      = {2014},
  number    = {1},
  pages     = {1929--1958},
  volume    = {15},
  bibsource = {dblp computer science bibliography, https://dblp.org},
  biburl    = {https://dblp.org/rec/journals/jmlr/SrivastavaHKSS14.bib},
  doi       = {10.5555/2627435.2670313},
  groups    = {DropoutTechniques, DropTech},
  timestamp = {Thu, 02 Jun 2022 13:58:57 +0200},
  url       = {https://dl.acm.org/doi/10.5555/2627435.2670313}
}

@inproceedings{Hamilton2017,
  author    = {William L. Hamilton and Zhitao Ying and Jure Leskovec},
  booktitle = {Advances in Neural Information Processing Systems 30: Annual Conference on Neural Information Processing Systems 2017, December 4-9, 2017, Long Beach, CA, {USA}},
  title     = {Inductive Representation Learning on Large Graphs},
  year      = {2017},
  editor    = {Isabelle Guyon and Ulrike von Luxburg and Samy Bengio and Hanna M. Wallach and Rob Fergus and S. V. N. Vishwanathan and Roman Garnett},
  pages     = {1024--1034},
  bibsource = {dblp computer science bibliography, https://dblp.org},
  biburl    = {https://dblp.org/rec/conf/nips/HamiltonYL17.bib},
  groups    = {GraphSAGE},
  timestamp = {Thu, 21 Jan 2021 15:15:21 +0100},
  url       = {https://proceedings.neurips.cc/paper/2017/hash/5dd9db5e033da9c6fb5ba83c7a7ebea9-Abstract.html}
}

@inproceedings{Kipf2017,
  author    = {Thomas N. Kipf and Max Welling},
  booktitle = {5th International Conference on Learning Representations, {ICLR} 2017, Toulon, France, April 24-26, 2017, Conference Track Proceedings},
  title     = {Semi-Supervised Classification with Graph Convolutional Networks},
  year      = {2017},
  publisher = {OpenReview.net},
  bibsource = {dblp computer science bibliography, https://dblp.org},
  biburl    = {https://dblp.org/rec/conf/iclr/KipfW17.bib},
  groups    = {PrimaryPapers, primary},
  timestamp = {Thu, 25 Jul 2019 14:25:55 +0200},
  url       = {https://openreview.net/forum?id=SJU4ayYgl}
}

@article{Shuman2013,
  author    = {David I. Shuman and Sunil K. Narang and Pascal Frossard and Antonio Ortega and Pierre Vandergheynst},
  journal   = {{IEEE} Signal Process. Mag.},
  title     = {The Emerging Field of Signal Processing on Graphs: Extending High-Dimensional Data Analysis to Networks and Other Irregular Domains},
  year      = {2013},
  number    = {3},
  pages     = {83--98},
  volume    = {30},
  bibsource = {dblp computer science bibliography, https://dblp.org},
  biburl    = {https://dblp.org/rec/journals/spm/ShumanNFOV13.bib},
  doi       = {10.1109/MSP.2012.2235192},
  groups    = {PrimaryPapers, primary},
  timestamp = {Wed, 14 Nov 2018 10:43:23 +0100},
  url       = {https://doi.org/10.1109/MSP.2012.2235192}
}

@inproceedings{Xu2019,
  author    = {Keyulu Xu and Weihua Hu and Jure Leskovec and Stefanie Jegelka},
  booktitle = {7th International Conference on Learning Representations, {ICLR} 2019, New Orleans, LA, USA, May 6-9, 2019},
  title     = {How Powerful are Graph Neural Networks?},
  year      = {2019},
  publisher = {OpenReview.net},
  bibsource = {dblp computer science bibliography, https://dblp.org},
  biburl    = {https://dblp.org/rec/conf/iclr/XuHLJ19.bib},
  groups    = {PrimaryPapers, primary},
  timestamp = {Thu, 25 Jul 2019 13:03:15 +0200},
  url       = {https://openreview.net/forum?id=ryGs6iA5Km}
}

@inproceedings{Damke2020,
  author    = {Clemens Damke and Vitalik Melnikov and Eyke H{\"{u}}llermeier},
  booktitle = {Proceedings of The 12th Asian Conference on Machine Learning, {ACML} 2020, 18-20 November 2020, Bangkok, Thailand},
  title     = {A Novel Higher-order Weisfeiler-Lehman Graph Convolution},
  year      = {2020},
  editor    = {Sinno Jialin Pan and Masashi Sugiyama},
  pages     = {49--64},
  publisher = {{PMLR}},
  series    = {Proceedings of Machine Learning Research},
  volume    = {129},
  bibsource = {dblp computer science bibliography, https://dblp.org},
  biburl    = {https://dblp.org/rec/conf/acml/DamkeMH20.bib},
  groups    = {WL},
  timestamp = {Fri, 19 Feb 2021 11:42:19 +0100},
  url       = {http://proceedings.mlr.press/v129/damke20a.html}
}

@article{Zhou2020,
  author    = {Jie Zhou and Ganqu Cui and Shengding Hu and Zhengyan Zhang and Cheng Yang and Zhiyuan Liu and Lifeng Wang and Changcheng Li and Maosong Sun},
  journal   = {{AI} Open},
  title     = {Graph neural networks: {A} review of methods and applications},
  year      = {2020},
  pages     = {57--81},
  volume    = {1},
  bibsource = {dblp computer science bibliography, https://dblp.org},
  biburl    = {https://dblp.org/rec/journals/aiopen/ZhouCHZYLWLS20.bib},
  doi       = {10.1016/j.aiopen.2021.01.001},
  groups    = {Basics},
  timestamp = {Fri, 13 Aug 2021 14:56:35 +0200},
  url       = {https://doi.org/10.1016/j.aiopen.2021.01.001}
}

@inproceedings{Rong2020,
  author    = {Yu Rong and Wenbing Huang and Tingyang Xu and Junzhou Huang},
  booktitle = {8th International Conference on Learning Representations, {ICLR} 2020, Addis Ababa, Ethiopia, April 26-30, 2020},
  title     = {DropEdge: Towards Deep Graph Convolutional Networks on Node Classification},
  year      = {2020},
  publisher = {OpenReview.net},
  bibsource = {dblp computer science bibliography, https://dblp.org},
  biburl    = {https://dblp.org/rec/conf/iclr/RongHXH20.bib},
  groups    = {DropTech},
  timestamp = {Thu, 29 Jul 2021 17:20:43 +0200},
  url       = {https://openreview.net/forum?id=Hkx1qkrKPr}
}

@article{Hu2020,
  author        = {Weihua Hu and Matthias Fey and Marinka Zitnik and Yuxiao Dong and Hongyu Ren and Bowen Liu and Michele Catasta and Jure Leskovec},
  journal       = {CoRR},
  title         = {Open Graph Benchmark: Datasets for Machine Learning on Graphs},
  year          = {2020},
  volume        = {abs/2005.00687},
  archiveprefix = {arXiv},
  bibsource     = {dblp computer science bibliography, https://dblp.org},
  biburl        = {https://dblp.org/rec/journals/corr/abs-2005-00687.bib},
  eprint        = {2005.00687},
  groups        = {datasets},
  timestamp     = {Fri, 08 May 2020 15:04:04 +0200},
  url           = {https://arxiv.org/abs/2005.00687}
}

@TechReport{DanieleGrattarola2006,
  author   = {Daniele Grattarola, Cesare Alippi},
  title    = {Graph Neural Networks in TensorFlow and Keras with Spektral},
  year     = {2006},
  number   = {audi-},
  abstract = {Proceedings of the International Conference on Machine Learning 2020},
  doi      = {ng},
  file     = {:C\:/Users/dnepr/OneDrive/Desktop/Bachelor/bib_references/Graph Neural Networks in TensorFlow and Keras with Spektral.pdf:PDF},
  groups   = {frameworks},
  keywords = {Graph Neural Networks, Graph Deep Learning, TensorFlow, Keras},
}

@Comment{jabref-meta: databaseType:bibtex;}

@Comment{jabref-meta: grouping:
0 AllEntriesGroup:;
1 StaticGroup:WL\;0\;1\;0x8a8a8aff\;\;\;;
1 StaticGroup:primary\;0\;1\;0x8a8a8aff\;\;\;;
1 StaticGroup:DropTech\;0\;1\;0x8a8a8aff\;\;\;;
1 StaticGroup:GraphSAGE\;0\;0\;0x8a8a8aff\;\;\;;
1 StaticGroup:Basics\;0\;1\;0x8a8a8aff\;\;\;;
1 StaticGroup:datasets\;0\;1\;0x8a8a8aff\;\;\;;
1 StaticGroup:frameworks\;0\;1\;0x8a8a8aff\;\;\;;
}
